@misc{repaintDoc,
  key = {repaint},
  title = {Repaint},
  note = {\url{https://docs.oracle.com/javase/7/docs/api/java/awt/Component.html#repaint()}}
}
@misc{waitDoc,
  key = {wait()},
  title = {Wait},
  note = {\url{https://docs.oracle.com/javase/7/docs/api/java/lang/Object.html#wait()}}
}

@misc{notifyDoc,
  key = {notify},
  title = {Notify},
  note = {\url{https://docs.oracle.com/javase/7/docs/api/java/lang/Object.html#notify()}}
}

@misc{openclassroomDoc,
  key = {openclassroom},
  title = {Openclassroom},
  note =    {\url{https://openclassrooms.com/fr/courses/26832-apprenez-a-programmer-en-java/23193-le-fil-rouge-une-animation}}
}